@inproceedings{Chen1978,
	author = {Chen, Liming and Avizienis, Algirdas},
	title = {N-Version Programming: A Fault Tolerance Approach to Reliability of Software Operation},
	booktitle = {Fault-Tolerant Computing 1995, Highlights from Twenty-Five Years},
	journal = {8th Int. Symp. on Fault-Tolerant Computing (FTCS-8)},
	publisher = {IEEE Computer Society Press},
	year = {1978},
	pages = {3--9}
}

@article{Knight:1986:EEA:10677.10688,
	author = {Knight, J. C. and Leveson, N. G.},
	title = {An Experimental Evaluation of the Assumption of Independence in Multiversion Programming},
	journal = {IEEE Trans. Softw. Eng.},
	issue_date = {January 1986},
	volume = {12},
	number = {1},
	month = jan,
	year = {1986},
	issn = {0098-5589},
	pages = {96--109},
	numpages = {14},
	url = {http://dx.doi.org/10.1109/TSE.1986.6312924},
	doi = {10.1109/TSE.1986.6312924},
	acmid = {10688},
	publisher = {IEEE Press},
	address = {Piscataway, NJ, USA},
	keywords = {Programming,Software,Educational institutions,Software reliability,NASA,software reliability,Design diversity,fault-tolerant software,multiversion programming,N-version programming},
} 

@inproceedings{obfuscation,
	author = {Xu, Hui and Zhou, Yangfan and Lyu, Michael},
	title = {N-version Obfuscation},
	booktitle = {Proceedings of the 2Nd ACM International Workshop on Cyber-Physical System Security},
	series = {CPSS '16},
	year = {2016},
	isbn = {978-1-4503-4288-9},
	location = {Xi'an, China},
	pages = {22--33},
	numpages = {12},
	url = {http://doi.acm.org/10.1145/2899015.2899026},
	doi = {10.1145/2899015.2899026},
	acmid = {2899026},
	publisher = {ACM},
	address = {New York, NY, USA},
	keywords = {obfuscation, reverse engineering, software security, tamper-resistance},
} 

@inproceedings{zero-day,
	title={N-version programming for the detection of zero-day exploits},
	author={Nagy, Lajos and Ford, Richard and Allen, William},
	booktitle={IEEE Topical Conference on Cybersecurity, Daytona Beach, Florida, USA},
	year={2006}
}

@ARTICLE{reply_critics,
	author = {John C. Knight and Nancy G. Leveson},
	title = {A Reply to the Criticisms of the {K}night and {L}eveson Experiment},
	journal = {Software Engineering Notes},
	year = {1990},
	volume = {15},
	pages = {24-35},
	number = {1},
	month = jan,
	class = {engineering, experimentation},
	lastchange = {2004-01-29},
	reader = {prechelt, salinger},
	summary = {Several researchers called the design, results, or conclusions of
	KniLev86 invalid. Here the authors invalidate this criticism. Interesting
	example of scientific culture and argumentation},
	url = {KniLev90.pdf}
}

@article{methodology,
 	author={Avizienis, Algirdas},
 	title={The Methodology of N-Version Programming},
 	journal = {Software Fault Tolerance},
 	volume = {3},
 	pages = {23-46}
 	year= {1995},
 }

@article{lardner,
	author={Lardner, Dionysius},
	title={Babbageâ€™s calculating engine},
	journal = {The Edinburgh Review},
	year= {1834},
}

@inproceedings{Laprie:1995:DCC:1899254.1899261,
	author = {Laprie, Jean-Claude},
	title = {Dependable Computing: Concepts, Limits, Challenges},
	booktitle = {Proceedings of the Twenty-Fifth International Conference on Fault-tolerant Computing},
	series = {FTCS'95},
	year = {1995},
	isbn = {0-8186-7146-7},
	location = {Pasadena, California},
	pages = {42--54},
	numpages = {13},
	url = {http://dl.acm.org/citation.cfm?id=1899254.1899261},
	acmid = {1899261},
	publisher = {IEEE Computer Society},
	address = {Washington, DC, USA},
} 

@article{Laprie:1990:DAH:84189.84199,
	author = {Laprie, Jean-Claude and B{\'e}ounes, Christian and Kanoun, Karama},
	title = {Definition and Analysis of Hardware- and Software-Fault-Tolerant Architectures},
	journal = {Computer},
	issue_date = {July 1990},
	volume = {23},
	number = {7},
	month = jul,
	year = {1990},
	issn = {0018-9162},
	pages = {39--51},
	numpages = {13},
	url = {http://dx.doi.org/10.1109/2.56851},
	doi = {10.1109/2.56851},
	acmid = {84199},
	publisher = {IEEE Computer Society Press},
	address = {Los Alamitos, CA, USA},
}
@inproceedings{Avizienis:1975:FFC:800027.808469,
	author = {Avi\v{z}ienis, Algirdas},
	title = {Fault-tolerance and Fault-intolerance: Complementary Approaches to Reliable Computing},
	booktitle = {Proceedings of the International Conference on Reliable Software},
	year = {1975},
	location = {Los Angeles, California},
	pages = {458--464},
	numpages = {7},
	url = {http://doi.acm.org/10.1145/800027.808469},
	doi = {10.1145/800027.808469},
	acmid = {808469},
	publisher = {ACM},
	address = {New York, NY, USA},
	keywords = {Fault-intolerance, Fault-tolerance, Protective redundancy, Redundancy techniques, Rel\`{\i}able computing},
} 

@inproceedings{lucent,
	title={N-version Programming},
	author={Robert Hanmer},
	year={2009}
}
@inproceedings{Horning:1974:PSE:647641.733522,
	author = {Horning, James J. and Lauer, Hugh C. and Melliar-Smith, P. M. and Randell, Brian},
	title = {A Program Structure for Error Detection and Recovery},
	booktitle = {Operating Systems, Proceedings of an International Symposium},
	year = {1974},
	isbn = {3-540-06849-X},
	pages = {171--187},
	numpages = {17},
	url = {http://dl.acm.org/citation.cfm?id=647641.733522},
	acmid = {733522},
	publisher = {Springer-Verlag},
	address = {London, UK, UK},
} 
	

 
@article{Avizienis:1985:NAF:1314034.1314064,
 	author = {Avizienis, A.},
 	title = {The N-Version Approach to Fault-Tolerant Software},
 	journal = {IEEE Trans. Softw. Eng.},
 	issue_date = {December 1985},
 	volume = {11},
 	number = {12},
 	month = dec,
 	year = {1985},
 	issn = {0098-5589},
 	pages = {1491--1501},
 	numpages = {11},
 	url = {http://dx.doi.org/10.1109/TSE.1985.231893},
 	doi = {10.1109/TSE.1985.231893},
 	acmid = {1314064},
 	publisher = {IEEE Press},
 	address = {Piscataway, NJ, USA},
 	keywords = {Design diversity, N-version programming, N-version software, fault tolerance, multiple computation, software reliability, tolerance of design faults, tolerance of design faults, Design diversity, fault tolerance, multiple computation, N-version programming, N-version software, software reliability},
 } 
	
@inproceedings{conf/ifip/Goldberg80,
	added-at = {2002-01-03T00:00:00.000+0100},
	author = {Goldberg, Jack},
	biburl = {http://www.bibsonomy.org/bibtex/20fe59d5e6d07d9e32648910c208531e6/dblp},
	booktitle = {IFIP Congress},
	date = {2002-01-03},
	description = {dblp},
	interhash = {4d6ea9572056501f2c3b54ebfdbba396},
	intrahash = {0fe59d5e6d07d9e32648910c208531e6},
	keywords = {dblp},
	pages = {151-156},
	timestamp = {2002-01-03T00:00:00.000+0100},
	title = {SIFT: A Provable Fault-Tolerant Computer for Aircraft Flight Control.},
	url = {http://dblp.uni-trier.de/db/conf/ifip/ifip80.html#Goldberg80},
	year = 1980
}
@article{Avizienis:1984:FTD:1319725.1320045,
	author = {Avizienis, A. and Kelly, J. P. J.},
	title = {Fault Tolerance by Design Diversity: Concepts and Experiments},
	journal = {Computer},
	issue_date = {August 1984},
	volume = {17},
	number = {8},
	month = aug,
	year = {1984},
	issn = {0018-9162},
	pages = {67--80},
	numpages = {14},
	url = {http://dx.doi.org/10.1109/MC.1984.1659219},
	doi = {10.1109/MC.1984.1659219},
	acmid = {1320045},
	publisher = {IEEE Computer Society Press},
	address = {Los Alamitos, CA, USA},
} 
@article{Shimeall:1991:ECS:104878.104899,
	author = {Shimeall, Timothy J. and Leveson, Nancy G.},
	title = {An Empirical Comparison of Software Fault Tolerance and Fault Elimination},
	journal = {IEEE Trans. Softw. Eng.},
	issue_date = {February 1991},
	volume = {17},
	number = {2},
	month = feb,
	year = {1991},
	issn = {0098-5589},
	pages = {173--182},
	numpages = {10},
	url = {http://dx.doi.org/10.1109/32.67598},
	doi = {10.1109/32.67598},
	acmid = {104899},
	publisher = {IEEE Press},
	address = {Piscataway, NJ, USA},
	keywords = {code reading, fault elimination, fault tolerant computing, functional testing, multiversion voting, program testing, project resources, run-time assertions, software fault tolerance, software reliability, static data-flow analysis, stepwise abstraction, structural testing},
} 
@article{Eckhardt:1985:TBA:1314034.1314066,
	author = {Eckhardt, D. E. and Lee, L. D.},
	title = {A Theoretical Basis for the Analysis of Multiversion Software Subject to Coincident Errors},
	journal = {IEEE Trans. Softw. Eng.},
	issue_date = {December 1985},
	volume = {11},
	number = {12},
	month = dec,
	year = {1985},
	issn = {0098-5589},
	pages = {1511--1517},
	numpages = {7},
	url = {http://dx.doi.org/10.1109/TSE.1985.231895},
	doi = {10.1109/TSE.1985.231895},
	acmid = {1314066},
	publisher = {IEEE Press},
	address = {Piscataway, NJ, USA},
	keywords = {Coincident errors, N-version programming, fault-tolerant software, intensity distribution, intensity of coincident errors, multiversion software, reliability of redundant software, reliability of redundant software, Coincident errors, fault-tolerant software, intensity distribution, intensity of coincident errors, multiversion software, N-version programming},
} 
@ARTICLE{229487,
	author={J. J. Hudak and B. H. Suh and D. P. Siewiorek and Z. Segall},
	journal={IEEE Transactions on Reliability},
	title={Evaluation and comparison of fault-tolerant software techniques},
	year={1993},
	volume={42},
	number={2},
	pages={190-204},
	keywords={Markov processes;fault tolerant computing;program testing;programming;software reliability;N-version programming;algorithms;application taxonomy;availability;concurrent error-detection;correctness;design;discrete-time Markov model;error;fault tolerant computing;hardware;modeling;modeling process;program testing;projects;ranking;recovery block;software reliability;specification;time to failure;Application software;Computational modeling;Fault tolerance;Fault tolerant systems;Hardware;Mathematical programming;Software algorithms;Software design;Software testing;Transaction databases},
	doi={10.1109/24.229487},
	ISSN={0018-9529},
	month={Jun},}

@ARTICLE{current-challenges,
	author={Khoury, R. and Hamou-Lhadj, A. and Couture, M. and Charpentier, R.},
	title={Diversity Through N-Version Programming: Current State, Challenges and Recommendations},
	year={2012},
}
@inproceedings{Oberheide:2008:CNA:1496711.1496718,
	author = {Oberheide, Jon and Cooke, Evan and Jahanian, Farnam},
	title = {CloudAV: N-version Antivirus in the Network Cloud},
	booktitle = {Proceedings of the 17th Conference on Security Symposium},
	series = {SS'08},
	year = {2008},
	location = {San Jose, CA},
	pages = {91--106},
	numpages = {16},
	url = {http://dl.acm.org/citation.cfm?id=1496711.1496718},
	acmid = {1496718},
	publisher = {USENIX Association},
	address = {Berkeley, CA, USA},
} 
